<record><leader>00000cas a2200000 a 4500</leader><controlfield tag="001">12650141</controlfield><controlfield tag="008">851009d1947195uksuwr ne      0    0eng d</controlfield><datafield ind1=" " ind2=" " tag="010"><subfield code="a">sn 85032497 </subfield></datafield><datafield ind1=" " ind2=" " tag="040"><subfield code="a">KSH</subfield><subfield code="b">eng</subfield><subfield code="c">KSH</subfield><subfield code="d">NPT</subfield><subfield code="d">OCL</subfield><subfield code="d">OCLCQ</subfield></datafield><datafield ind1=" " ind2=" " tag="042"><subfield code="a">msc</subfield></datafield><datafield ind1="0" ind2="4" tag="245"><subfield code="a">The Wichita independent-sun.</subfield></datafield><datafield ind1=" " ind2=" " tag="260"><subfield code="a">Wichita, Kan. :</subfield><subfield code="b">Facts, Inc.,</subfield><subfield code="c">1947-</subfield></datafield><datafield ind1=" " ind2=" " tag="300"><subfield code="a">v. :</subfield><subfield code="b">ill. ;</subfield><subfield code="c">42 cm.</subfield></datafield><datafield ind1=" " ind2=" " tag="310"><subfield code="a">Weekly</subfield></datafield><datafield ind1="0" ind2=" " tag="362"><subfield code="a">Vol. 21, no. 9 (Oct. 17, 1947)-</subfield></datafield><datafield ind1=" " ind2=" " tag="752"><subfield code="a">United States</subfield><subfield code="b">Kansas</subfield><subfield code="c">Sedgwick</subfield><subfield code="d">Wichita.</subfield></datafield><datafield ind1="0" ind2="4" tag="780"><subfield code="t">Wichita independent (Wichita, Kan. : 1932)</subfield><subfield code="w">(DLC)sn 85032496</subfield></datafield><datafield ind1="0" ind2="4" tag="780"><subfield code="t">Wichita sun (Wichita, Kan. : 1941)</subfield><subfield code="w">(DLC)sn 85032498</subfield></datafield><datafield ind1="1" ind2=" " tag="029"><subfield code="a">AU@</subfield><subfield code="b">000022165911</subfield></datafield></record>